<?xml version="1.0" encoding="UTF-8" ?>
<collection xmlns:xsi="http://www.w3.org/2001/XMLSchema-instance" xsi:schemaLocation="http://www.loc.gov/MARC21/slim http://www.loc.gov/standards/marcxml/schema/MARC21slim.xsd" xmlns="http://www.loc.gov/MARC21/slim">
   <record>
      <leader>     cam a22     I  4500</leader>
      <controlfield tag="001">4905803</controlfield>
      <controlfield tag="003">NIC</controlfield>
      <controlfield tag="005">20141228064446.0</controlfield>
      <controlfield tag="008">890318m19709999iq            000 0 araod</controlfield>
      <datafield tag="010" ind1=" " ind2=" ">
         <subfield code="a">   73962204 </subfield>
      </datafield>
      <datafield tag="035" ind1=" " ind2=" ">
         <subfield code="a">(OCoLC)23482038</subfield>
      </datafield>
      <datafield tag="035" ind1=" " ind2=" ">
         <subfield code="a">4905803</subfield>
      </datafield>
      <datafield tag="040" ind1=" " ind2=" ">
         <subfield code="a">EYM</subfield>
         <subfield code="c">EYM</subfield>
         <subfield code="d">CGU</subfield>
         <subfield code="d">NIC</subfield>
      </datafield>
      <datafield tag="050" ind1="0" ind2=" ">
         <subfield code="a">JQ1850.A67</subfield>
         <subfield code="b">A2 (Orien Arab)</subfield>
      </datafield>
      <datafield tag="100" ind1="1" ind2=" ">
         <subfield code="a">ʻAbd al-Hādī, Ḥamdī Amīn.</subfield>
      </datafield>
      <datafield tag="245" ind1="1" ind2="3">
         <subfield code="a">al-Khidmah al-madanīyah fī al-duwal al-ʻArabīyah /</subfield>
         <subfield code="c">[taʾlīf] Ḥamdī Amīn ʻAbd al-Hādī.</subfield>
      </datafield>
      <datafield tag="250" ind1=" " ind2=" ">
         <subfield code="a">al-Ṭabʻah 1.</subfield>
      </datafield>
      <datafield tag="260" ind1=" " ind2=" ">
         <subfield code="a">Baghdād :</subfield>
         <subfield code="b">Maṭbaʻat al-Maʻārif,</subfield>
         <subfield code="c">1970-</subfield>
      </datafield>
      <datafield tag="300" ind1=" " ind2=" ">
         <subfield code="a">v.</subfield>
         <subfield code="c">25 cm.</subfield>
      </datafield>
      <datafield tag="500" ind1=" " ind2=" ">
         <subfield code="a">Added t.p. : The civil service in Arab countries [by] Hamdi A. Abd el-Hadi.</subfield>
      </datafield>
      <datafield tag="504" ind1=" " ind2=" ">
         <subfield code="a">Includes bibliographical references.</subfield>
      </datafield>
      <datafield tag="650" ind1=" " ind2="0">
         <subfield code="a">Civil service</subfield>
         <subfield code="z">Arab countries.</subfield>
      </datafield>
      <datafield tag="650" ind1=" " ind2="7">
         <subfield code="a">Civil service</subfield>
         <subfield code="2">fast</subfield>
         <subfield code="0">(OCoLC)fst00862730</subfield>
      </datafield>
      <datafield tag="651" ind1=" " ind2="7">
         <subfield code="a">Arab countries</subfield>
         <subfield code="2">fast</subfield>
         <subfield code="0">(OCoLC)fst01240128</subfield>
      </datafield>
      <datafield tag="948" ind1="2" ind2=" ">
         <subfield code="a">20031030</subfield>
         <subfield code="b">x</subfield>
         <subfield code="d">batch</subfield>
         <subfield code="e">lts</subfield>
      </datafield>
      <datafield tag="948" ind1="3" ind2=" ">
         <subfield code="a">20031030</subfield>
         <subfield code="h">recon2</subfield>
         <subfield code="i">edx.mars.coo.ftp.v03m10.cc.bib</subfield>
      </datafield>
      <datafield tag="948" ind1="2" ind2=" ">
         <subfield code="a">20141227</subfield>
         <subfield code="b">m</subfield>
         <subfield code="d">batch</subfield>
         <subfield code="e">lts</subfield>
         <subfield code="x">addfast</subfield>
      </datafield>
      <datafield tag="903" ind1=" " ind2=" ">
         <subfield code="a">NYUACO</subfield>
         <subfield code="d">20150421</subfield>
         <subfield code="p">31924030541670</subfield>
      </datafield>
      <datafield tag="950" ind1=" " ind2=" ">
         <subfield code="a">JQ1850.A67</subfield>
         <subfield code="b">A13</subfield>
         <subfield code="v">v.1 </subfield>
      </datafield>
   </record>
</collection>
